@inproceedings{AngelinoLaAlSeRu17-kdd,
author = {E. Angelino and N. Larus-Stone and D. Alabi and M. Seltzer and C. Rudin},
title = "Learning certifiably optimal rule lists for categorical data",
booktitle = {ACM SIGKDD International Conference on Knowledge Discovery and Data Mining {(KDD)}},
year = {2017},
location = {Halifax, Nova Scotia, Canada},
}

@inproceedings{Larus-Stone18-sysml,
author = {N. Larus-Stone and E. Angelino and D. Alabi and M. Seltzer and and V. Kaxiras and A. Saligrama and C. Rudin},
title = "Systems Optimizations for Learning Certifiably Optimal Rule Lists",
booktitle = {{SysML} Conference},
year = {2018},
location = {Stanford, California}
}

@article{AngelinoLaAlSeRu17,
author = {E. Angelino and N. Larus-Stone and D. Alabi and M. Seltzer and C. Rudin},
title = "Learning certifiably optimal rule lists for categorical data",
journal = {Preprint at arXiv:1704.01701},
year = {2017},
month = apr
}

@unpublished{ErtekinRu17,
__author={Seyda Ertekin and Cynthia Rudin},
author={S. Ertekin and C. Rudin},
title={Learning Customized and Optimized Lists of Rules with Mathematical Programming},
year={2017},
note={Unpublished}
}

@article{ChenRu17,
  __author  = {Chaofan Chen and Cynthia Rudin},
  author    = {C. Chen and C. Rudin},
  title     = {An optimization approach to learning falling rule lists},
  journal   = {CoRR},
  volume    = {abs/1710.02572},
  year      = {2017}
}

@inproceedings{LakkarajuRu17,
__author={Himabindu Lakkaraju and Cynthia Rudin},
author={H. Lakkaraju and C. Rudin},
title={Cost-sensitive and Interpretable Dynamic Treatment Regimes Based on Rule Lists},
 booktitle = {International Conference on Artificial Intelligence and Statistics {(AISTATS)}},
 year={2017},
 }

@article{Rivest87,
 __author = {Rivest, Ronald L.},
 author = {Rivest, R. L.},
 title = {Learning Decision Lists},
 journal = {Machine Learning},
 issue_date = {November 1987},
 volume = {2},
 number = {3},
 month = nov,
 year = {1987},
 pages = {229--246},
 publisher = {Kluwer Academic Publishers},
 address = {Hingham, MA, USA}
}

@inproceedings{Goessling2015,
 __author = {Goessling, Marc and Kang, Shan},
 author = {M. Goessling and S. Kang},
 title = {Directional Decision Lists},
 booktitle = {Proceedings of the 2015 IEEE International Conference on Big Data},
 series = {BIG DATA '15},
 year = {2015},
 pages = {2762--2766},
 numpages = {5},
 __publisher = {IEEE Computer Society},
 __address = {Washington, DC, USA},
}

@article{LethamRuMcMa15,
__author    = {Benjamin Letham and Cynthia Rudin and Tyler H. McCormick and David Madigan},
author  = {B. Letham and C. Rudin and T. H. McCormick and D. Madigan},
    title     = {Interpretable classifiers using rules and {B}ayesian analysis: {B}uilding a better stroke prediction model},
   journal="The Annals of Applied Statistics",
     year      = "2015",
     volume = "9",
     number="3",
     pages={1350--1371}
}

@inproceedings{YangRuSe16,
    title={Scalable {B}ayesian Rule Lists},
__author={Hongyu Yang and Cynthia Rudin and Margo Seltzer},
    author={H. Yang and C. Rudin and M. Seltzer},
    __journal={Preprint at arXiv:1602.08610},
    booktitle = {International Conference on Machine Learning (ICML)},
    __series={ICML '17},
    year={2017}
}

@inproceedings{GarofalakisHyRaSh00,
__author = {Garofalakis, Minos and Hyun, Dongjoon and Rastogi, Rajeev and Shim, Kyuseok},
author = {M. Garofalakis and D. Hyun and R. Rastogi and K. Shim},
 title = {Efficient Algorithms for Constructing Decision Trees with Constraints},
 booktitle = {ACM SIGKDD International Conference on Knowledge Discovery and Data Mining {(KDD)}},
 year = {2000},
 location = {Boston, Massachusetts, USA},
 pages = {335--339},
 __publisher = {ACM},
 __address = {New York, NY, USA}
}
@article{LarsonMaKiAn16,
title={How We Analyzed the {COMPAS} Recidivism Algorithm},
__author={Jeff Larson and Surya Mattu and Lauren Kirchner and Julia Angwin},
author={J. Larson and S. Mattu and L. Kirchner and J. Angwin},
journal={ProPublica},
year={2016}
}
@article{AngwinLaMaKi16,
title={Machine Bias},
__author={Julia Angwin and Jeff Larson and Surya Mattu and Lauren Kirchner},
author={J. Angwin and J. Larson and S. Mattu and L. Kirchner},
journal={ProPublica},
year={2016}
}

@article{Goel16,
__author = {Goel, Sharad and Rao, Justin M. and Shroff, Ravi},
author = {Goel, S. and Rao, J. M. and Shroff, R.},
fjournal = "The Annals of Applied Statistics",
journal = "The Annals of Applied Statistics",
month = "03",
number = "1",
pages = "365--394",
publisher = "The Institute of Mathematical Statistics",
title = {Precinct or prejudice? {U}nderstanding racial disparities in {N}ew {Y}ork {C}ity's stop-and-frisk policy},
volume = "10",
year = "2016"
}

@article{BellazziZu08,
title={Predictive data mining in clinical medicine: current issues and guidelines.},
__author={Ricardo Bellazzi and Blaz Zupan},
author={R. Bellazzi and B. Zupan},
journal={international journal of medical informatics},
year={2008}
}
@article {BellazziFeSa11,
__author = {Bellazzi, Riccardo and Ferrazzi, Fulvia and Sacchi, Lucia},
author = {Bellazzi, R. and Ferrazzi, F. and Sacchi, L.},
title = {Predictive data mining in clinical medicine: a focus on selected methods and applications},
journal = {Wiley Interdisciplinary Reviews: Data Mining and Knowledge Discovery},
volume = {1},
number = {5},
publisher = {John Wiley and Sons, Inc.},
issn = {1942-4795},
url = {http://dx.doi.org/10.1002/widm.23},
doi = {10.1002/widm.23},
pages = {416--430},
year = {2011},
}

@article{Lavrač93,
title = "Selected techniques for data mining in medicine",
journal = "Artificial Intelligence in Medicine ",
volume = "16",
number = "1",
pages = "3 - 23",
year = "1999",
note = "Data Mining Techniques and Applications in Medicine ",
issn = "0933-3657",
doi = "http://dx.doi.org/10.1016/S0933-3657(98)00062-1",
url = "//www.sciencedirect.com/science/article/pii/S0933365798000621",
__author = {Nada Lavrač},
author = {N. Lavrač},
keywords = "Data mining",
keywords = "Machine learning",
keywords = "Medical applications "
}
@article{Lavrač99,
title = "Data Mining in Medicine: Selected techniques and Applications",
year = "1999",
url = "http://sce2.umkc.edu/csee/leeyu/MEDSS/References/dss-4.pdf",
__author = "Nada Lavrač",
author = "N. Lavrač",
}

@article{BreimanFrOlSt84,
title={Classification and Regression Trees},
__author="Leo Breiman and Jerome Friedman and Richard Olshen and Charles Stone",
author="L. Breiman and J. Friedman and R. Olshen and C. Stone",
journal={},
year={1984}
}

@article{Wu08,
title={Top 10 algorithms in data mining},
author="Xindong Wu · Vipin Kumar · J. Ross Quinlan · Joydeep Ghosh · Qiang Yang Hiroshi Motoda · Geoffrey J. McLachlan · Angus Ng · Bing Liu · Philip S. Yu · Zhi-Hua Zhou · Michael Steinbach · David J. Hand · Dan Steinberg",
journal={Knowledge Information Systems},
year={2008}
}
@article{Moret82,
 author = {Moret, Bernard M. E.},
 title = {Decision Trees and Diagrams},
 journal = {ACM Comput. Surv.},
 issue_date = {Dec. 1982},
 volume = {14},
 number = {4},
 month = dec,
 year = {1982},
 issn = {0360-0300},
 pages = {593--623},
 numpages = {31},
 url = {http://doi.acm.org.ezp-prod1.hul.harvard.edu/10.1145/356893.356898},
 doi = {10.1145/356893.356898},
 acmid = {356898},
 publisher = {ACM},
 address = {New York, NY, USA},
} 
@article{LittleMuSwKa63,
  title={An algorithm for the traveling salesman problem},
  author={Little, John DC and Murty, Katta G and Sweeney, Dura W and Karel, Caroline},
  journal={Operations research},
  volume={11},
  number={6},
  pages={972--989},
  year={1963},
  publisher={INFORMS}
}
@Inbook{Quinlan99,
author="Quinlan, J. R.",
editor="D{\v{z}}eroski, Sa{\v{s}}o
and Flach, Peter",
title="Some Elements of Machine Learning",
bookTitle="Inductive Logic Programming: 9th International Workshop, ILP-99 Bled, Slovenia, June 24--27, 1999 Proceedings",
year="1999",
publisher="Springer Berlin Heidelberg",
address="Berlin, Heidelberg",
pages="15--18",
isbn="978-3-540-48751-7",
doi="10.1007/3-540-48751-4_3",
url="http://dx.doi.org/10.1007/3-540-48751-4_3"
}
@article{Martens11,
title = "Performance of classification models from a user perspective ",
journal = "Decision Support Systems ",
volume = "51",
number = "4",
pages = "782 - 793",
year = "2011",
note = "Recent Advances in Data, Text, and Media Mining and Information Issues in Supply Chain and in Service System Design ",
issn = "0167-9236",
doi = "http://dx.doi.org/10.1016/j.dss.2011.01.013",
url = "//www.sciencedirect.com/science/article/pii/S016792361100042X",
author = "David Martens and Jan Vanthienen and Wouter Verbeke and Bart Baesens",
keywords = "Data mining",
keywords = "Classification",
keywords = "Metrics",
keywords = "Justifiability",
keywords = "Comprehensibility "
}
@Inbook{Bratko97,
author="Bratko, I.",
editor="Della Riccia, Giacomo
and Lenz, Hans-Joachim
and Kruse, Rudolf",
title="Machine Learning: Between Accuracy and Interpretability",
bookTitle="Learning, Networks and Statistics",
year="1997",
publisher="Springer Vienna",
address="Vienna",
pages="163--177",
isbn="978-3-7091-2668-4",
doi="10.1007/978-3-7091-2668-4_10",
url="http://dx.doi.org/10.1007/978-3-7091-2668-4_10"
}
@article{Ruping06,
title={Learning Interpretable Models},
__author="Stefan Ruping",
author="S. Ruping",
journal={},
year={2006}
}

@article{ZhangEtAl15,
  title={Using decision lists to construct interpretable and parsimonious treatment regimes},
  author = {{Zhang}, Y. and {Laber}, E.~B. and {Tsiatis}, A. and {Davidian}, M.},
  __author={Zhang, Yichi and Laber, Eric B and Tsiatis, Anastasios and Davidian, Marie},
  journal={Biometrics},
  volume={71},
  number={4},
  pages={895--904},
  year={2015},
  publisher={Wiley Online Library}
}
@article{LiYa02,
title = "Text classification using ESC-based stochastic decision lists ",
journal = "Information Processing and Management ",
volume = "38",
number = "3",
pages = "343 - 361",
year = "2002",
note = "",
issn = "0306-4573",
doi = "http://dx.doi.org/10.1016/S0306-4573(01)00038-3",
url = "//www.sciencedirect.com/science/article/pii/S0306457301000383",
author = "Hang Li and Kenji Yamanishi",
keywords = "Text classification",
keywords = "Statistical learning",
keywords = "Stochastic decision list",
keywords = "Rule-based method",
keywords = "Extended stochastic complexity "
}
@article{Kolesar67,
title={A BRANCH AND BOUND ALGORITHM FOR THE KNAPSACK PROBLEM },
author="Peter J Kolesar",
journal={},
year={1967}
}
@article{Clausen99,
title={Branch and Bound Algorithms - Principles and Examples},
author="Jens Clausen",
journal={},
year={1999}
}
@article{ChapelleSiKe06,
title={Branch and Bound for Semi-Supervised Support Vector Machines},
author="Olivier Chapelle, Vikas Sindhwani, S. Sathiya Keerthi",
journal={},
year={2006}
}
@Inbook{BaesensMuDeVaSe05,
author="Baesens, Bart
and Mues, Christophe
and De Backer, Manu
and Vanthienen, Jan
and Setiono, Rudy",
editor="Camp, Olivier
and Filipe, Joaquim B. L.
and Hammoudi, Slimane
and Piattini, Mario",
title="Building Intelligent Credit Scoring Systems Using Decision Tables",
bookTitle="Enterprise Information Systems V",
year="2005",
publisher="Springer Netherlands",
address="Dordrecht",
pages="131--137",
isbn="978-1-4020-2673-7",
doi="10.1007/1-4020-2673-0_15",
url="http://dx.doi.org/10.1007/1-4020-2673-0_15"
}
@article{breiman2001,
author = "Breiman, Leo",
fjournal = "Statistical Science",
journal = "Statist. Sci.",
month = "08",
number = "3",
pages = "199--231",
publisher = "The Institute of Mathematical Statistics",
title = "Statistical Modeling: The Two Cultures (with comments and a
 rejoinder by the author)",
volume = "16",
year = "2001"
}


@techreport {King14,
	title = {Computer-Assisted Keyword and Document Set Discovery from Unstructured Text},
	year = {2014},
	institution={Harvard},
	author = {Gary King and Patrick Lam and Margaret Roberts}
}


@article{Souillard15,
author={William Souillard-Mandar and Randall Davis and Cynthia Rudin and Rhoda Au and David J. Libon and Rodney Swenson and Catherine C. Price and Melissa Lamar and Dana L. Penney},
title={Learning Classification Models of Cognitive Conditions from Subtle Behaviors in the Digital Clock Drawing Test},
journal={Machine Learning}, 
note={Accepted with Minor Revision},
year={2015}
}

@INPROCEEDINGS{Auer95theoryand,
    author = {Peter Auer and Robert C. Holte and Wolfgang Maass},
    title = {Theory and Applications of Agnostic {PAC}-Learning with Small Decision Trees},
    booktitle = {},
    year = {1995},
    pages = {21--29},
    publisher = {Morgan Kaufmann}
}

@TECHREPORT{Bennett96optimaldecision,
__author = {Kristin P. Bennett and Jennifer A. Blue},
author = {K. P. Bennett and J. A. Blue},
    title = {Optimal Decision Trees},
    institution = {R.P.I. Math Report No. 214, Rensselaer Polytechnic Institute},
    year = {1996}
}


@article{NijssenFromont2010,
year={2010},
__issn={1384-5810},
journal={Data Mining and Knowledge Discovery},
volume={21},
number={1},
title={Optimal constraint-based decision tree induction from itemset lattices},
publisher={Springer US},
keywords={Decision tree learning; Formal concepts; Frequent itemset mining; Constraint based mining},
__author={Nijssen, Siegfried and Fromont, Elisa},
author={Nijssen, S. and Fromont, E.},
pages={9-51},
language={English}
}


@inproceedings{FarhangfarGZ08,
__author    = {Alireza Farhangfar and Russell Greiner and Martin Zinkevich},
author    = {A. Farhangfar and R. Greiner and M. Zinkevich},
  title     = {A Fast Way to Produce Optimal Fixed-Depth Decision Trees},
  __booktitle = {International Symposium on Artificial Intelligence and Mathematics
               {(ISAIM} 2008), Fort Lauderdale, Florida, USA, January 2-4, 2008},
  booktitle = {International Symposium on Artificial Intelligence and Mathematics
               {(ISAIM)}},
  year      = {2008}
}
%http://isaim2008.unl.edu/PAPERS/TechnicalProgram/ISAIM2008_0022_afd88e29a0a4ff36741f4d8e4eb84a69.pdf

@misc{dobkininduction,
  title={Induction of shallow decision trees},
__author={Dobkin, David and Fulton, Truxton and Gunopulos, Dimitrios and Kasif, Simon and Salzberg, Steven},
author={Dobkin, D. and Fulton, T. and Gunopulos, D. and Kasif, S. and Salzberg, S.},
  howpublisher={Citeseer},
  year={1996}
}





@inproceedings{LethamRuMcMa14,
__author    = {Benjamin Letham and Cynthia Rudin and Tyler H. McCormick and David Madigan},
author    = {B. Letham and C. Rudin and T. H. McCormick and D. Madigan},
    title     = "An interpretable model for stroke prediction using rules and Bayesian analysis",
    booktitle={KDD Workshop on Data Science for Social Good},
     year      = {2014}
}

@inproceedings{LethamRuMcMaAAAI13, 
__author    = {Benjamin Letham and Cynthia Rudin and Tyler H. McCormick and David Madigan},
author    = {B. Letham and C. Rudin and T. H. McCormick and D. Madigan},
  title={An Interpretable Stroke Prediction Model using Rules and Bayesian Analysis},
  year={2013},
  booktitle={AAAI Late Breaking Track}
}
	

@inproceedings{WangRu15,
__author={Fulton Wang and Cynthia Rudin},
author={F. Wang and C. Rudin},
title={Falling Rule Lists},
booktitle={International Conference on Artificial Intelligence and Statistics ({AISTATS})},
year={2015}
}

@article{WangRu15CFRL,
title={Causal Falling Rule Lists},
__author={Fulton Wang and Cynthia Rudin},
author={F. Wang and C. Rudin},
    journal={Preprint at arXiv:1510.05189},
    year={2015},
    month=oct
}

@inproceedings{GohRu14,
__author={Siong Thye Goh and Cynthia Rudin},
author={S. T. Goh and C. Rudin},
title={Box Drawings for Learning with Imbalanced Data}, 
booktitle={ACM SIGKDD Conference on Knowledge Discovery and Data Mining {(KDD)}},
year={2014}
} 

@techreport{WangEtAl15,
__author={Tong Wang and Cynthia Rudin and Finale Doshi and Yimin Liu and Erica Klampfl and Perry MacNeille}, 
author={T. Wang and C. Rudin and F. Doshi and Y. Liu and E. Klampfl and P. MacNeille}, 
title={Bayesian Or's of And's for Interpretable Classification with Application to Context Aware Recommender Systems},
year={2015},
institution={Massachusetts Institute of Technology}
}

@article{muggleton1994inductive,
  title={Inductive logic programming: Theory and methods},
__author={Muggleton, Stephen and De Raedt, Luc},
author={Muggleton, S. and De Raedt, L.},
  journal={The Journal of Logic Programming},
  volume={19},
  pages={629--679},
  year={1994},
  publisher={Elsevier}
}

@techreport{RudinEr15-tr,
author={Cynthia Rudin and {\c{S}}eyda Ertekin},
year={2015},
title={Learning Optimized Lists of Classification Rules},
institution={Massachusetts Institute of Technology}
}

@article{Lip10,
  author={Gregory Y.H. Lip and Lars Frison and Jonathan L. Halperin and Deirdre A. Lane}, 
  year={2010}, 
  title={Identifying patients at high risk for stroke despite anticoagulation: a comparison of contemporary stroke risk stratification schemes in an anticoagulated atrial fibrillation cohort},
  journal={Stroke},
  volume={41},
  pages={2731--2738}
}


@article{levenshtein1966,
  author={Vladimir I. Levenshtein}, 
  month={February},
  year={1966}, 
  title={Binary codes capable of correcting deletions, insertions, and reversals},
  journal={Soviet Physics Doklady},
  volume={10},
  number={8},
  pages={707--710}
}


@article{RudinLeMa13, 
  title={Learning Theory Analysis for Association Rules and Sequential Event Prediction},
__author={Cynthia Rudin and Benjamin Letham and David Madigan},
author={C. Rudin and B. Letham and D. Madigan},
  journal={Journal of Machine Learning Research},
  volume={14},
  pages={3384--3436},
    year      = "2013"
}

@article{Larus-Stone17,
    title={\textit{Learning Certifiably Optimal Rule Lists: {A} Case For Discrete Optimization in the 21st Century}},
    author={N. L. Larus-Stone},
    note={Undergraduate thesis, Harvard College},
    year={2017}
}

@phdthesis{ruping2006learning,
  title={Learning interpretable models},
__author={R{\"u}ping, Stefan},
author={R{\"u}ping, S.},
  year={2006},
  school={Universit{\"a}t Dortmund}
}

@incollection{bratko1997machine,
year={1997},
__isbn={978-3-211-82910-3},
booktitle={Learning, Networks and Statistics},
volume={382},
series={International Centre for Mechanical Sciences},
__editor={Della Riccia, Giacomo and Lenz, Hans-Joachim and Kruse, Rudolf},
title={Machine learning: {B}etween accuracy and interpretability},
publisher={Springer Vienna},
author={Bratko, I.},
pages={163-177},
language={English}
}

@phdthesis{Chang12,
author={Allison Chang},
school={Massachusetts Institute of Technology},
year={2012},
title={Integer Optimization Methods for Machine Learning}
}

@article{Robnik12,
year={2012},
journal={Neurocomputing},
volume={96},
pages={37--46},
title={Quality of classification explanations with {PRBF}},
author = {Marko Robnik-\v{S}ikonja and Igor Kononenko and Erik \v{S}trumbelj}
}

%dawes
@article{dawes1979robust,
  title={The robust beauty of improper linear models in decision making},
__author={Dawes, Robyn M},
author={Dawes, R. M.},
  journal={American Psychologist},
  volume={34},
  number={7},
  pages={571--582},
  year={1979},
  publisher={Citeseer}
}

@inproceedings{VellidoEtAl12,
title={Making machine learning models interpretable},
__author={Alfredo Vellido and Jos\'{e} D. Mart\'{i}n-Guerrero and Paulo J.G. Lisboa}, 
author={A. Vellido and J. D. Mart\'{i}n-Guerrero and P. J.G. Lisboa}, 
booktitle={European Symposium on Artificial Neural Networks, Computational Intelligence and Machine Learning {(ESANN)}},
year={2012} 
}


@inproceedings{YiHu05,
    author = {Yu Yi and Eyke H\"{u}llermeier},
    title = {Learning complexity-bounded rule-based classifiers by combining association analysis and genetic algorithms},
    booktitle={International Conference in Fuzzy Logic and Technology {(EUSFLAT)}},
    series={EUSFLAT '05},
    pages={47-52},
    year = {2005}
}


@inproceedings{Giraud98,
__author={Christophe Giraud-Carrier},
author={C. Giraud-Carrier},
title={Beyond predictive accuracy: {W}hat?},
booktitle={ECML-98 Workshop on Upgrading Learning to Meta-Level: Model Selection and Data Transformation},
pages={78--85},
year={1998}
}

@article{AntmanEtAl,
author = {Antman, Elliott M. and Cohen, Marc and Bernink, Peter J.L.M. and Carolyn H. McCabe and Thomas Horacek and Gary Papuchis and Branco Mautner and Ramon Corbalan and David Radley and Eugene Braunwald},
title = {The {TIMI} risk score for unstable angina/non-{ST} elevation {MI}: a method for prognostication and therapeutic decision making},
journal = {The Journal of the American Medical Association},
volume = {284},
number = {7},
pages = {835-842},
year = {2000}
}


@article{apacheII,
author = {William A. Knaus and Ellizabeth A. Draper and Douglas P. Wagner and Jack E. Zimmerman},
title = {{APACHE II}: a severity of disease classification system},
journal = {Critical Care Medicine},
volume = {13},
year = {1985},
pages = {818--829},
issue = {10}
}

@article{Lim01052003,
author = {WS Lim and MM van der Eerden and R Laing and WG Boersma and N Karalus and GI Town and SA Lewis and JT Macfarlane}, 
title = {Defining community acquired pneumonia severity on presentation to hospital: an international derivation and validation study},
volume = {58}, 
number = {5}, 
pages = {377-382}, 
year = {2003}, 
journal = {Thorax} 
}


%% Created using Papers on Thu, 25 Oct 2012.
%% http://mekentosj.com/papers/

@article{Holte93,
__author=	{Robert C. Holte},
author=	{R. C. Holte}
,title=		{Very simple classification rules perform well on most
		 commonly used datasets}
,journal=	{Machine Learning}
,volume=	11
,number=	1
,year=		1993
,pages=		{63-91}
}

@unpublished{QianRuCh13,
author={Shawn Qian and Cynthia Rudin and Allison Chang},
title={How to build interpretable classifiers with rules and global optimization},
note={in progress},
year={2013}
}


@article{Chipman:1998jh,
__author = {Chipman, Hugh A. and George, Edward I. and McCulloch, Robert E.},
author = {Chipman, H. A. and George, E. I. and McCulloch, R. E.},
title = {Bayesian {CART} model search},
journal = {Journal of the American Statistical Association},
year = {1998},
volume = {93},
number = {443},
pages = {935--948}
}

@article{Wu:2007dh,
author = {Wu, Yuhong and Tjelmeland, H{\aa}kon and West, Mike},
title = {Bayesian {CART}: prior specification and posterior simulation},
journal = {Journal of Computational and Graphical Statistics},
year = {2007},
volume = {16},
number = {1},
pages = {44--66}
}

@article{McCormick:2011ws,
__author = {Tyler H. McCormick and Cynthia Rudin  and David Madigan},
author = {T. H. McCormick and C. Rudin  and D. Madigan},
title = {{Bayesian hierarchical rule modeling for predicting medical conditions}},
journal = {The Annals of Applied Statistics},
year = {2012},
volume = {6},
pages = {652--668}
}
@article{Dension:1998hl,
author = {Dension, D. and Mallick, B. and Smith, A.F.M.},
title = {{A Bayesian CART algorithm}},
journal = {Biometrika},
year = {1998},
volume = {85},
number = {2},
pages = {363--377}
}


@article{Chipman:2002hc,
__author = {Chipman, Hugh A. and George, Edward I. and McCulloch, Robert E.},
author = {Chipman, H. A. and George, E. I. and McCulloch, R. E.},
title = {Bayesian treed models},
journal = {Machine Learning},
year = {2002},
volume = {48},
number = {1},
pages = {299--320}
}



@article{Gage:2001ed,
author = {Gage, Brian F. and Waterman, Amy D. and Shannon, William and Boechler, Michael and Rich, Michael W. and Radford, Martha J.},
title = {Validation of clinical classification schemes for predicting stroke},
journal = {Journal of the American Medical Association},
year = {2001},
volume = {285},
number={22},
pages = {2864--2870}
}


@article{Schmueli10,
__author = {Shmueli, Galit},
author = {Shmueli, G.},
    __issn = {0883-4237},
    journal = {Statistical Science},
    keywords = {prediction, statistics},
    month = aug,
    number = {3},
    pages = {289--310},
    posted-at = {2011-10-27 14:49:23},
    priority = {0},
    title = {To explain or to predict?},
    volume = {25},
    year = {2010}
}

@book{Leondes02,
author={Cornelius T. Leondes},
year= {2002},
title= {Expert systems: the technology of knowledge management and decision making for the 21st century},
publisher={Academic Press}
}


@inproceedings{Agrawal93,
 author = {Rakesh Agrawal and Tomasz Imieli\'{n}ski and Arun Swami},
 title = {Mining association rules between sets of items in large databases},
 booktitle = {ACM SIGMOD International Conference on Management of Data {(SIGMOD)}},
 series = {SIGMOD '93},
 year = {1993},
 pages = {207--216}
 }


@inproceedings{Yang04,
 author = {Guizhen Yang},
 title = {The complexity of mining maximal frequent itemsets and maximal frequent patterns},
 booktitle = {ACM SIGKDD International Conference on Knowledge Discovery and Data Mining (KDD)},
 series = {KDD '04},
 year = {2004},
 pages = {344--353}
 }


@inproceedings{Agrawal94,
 author = {Rakesh Agrawal and Ramakrishnan Srikant},
 title = {Fast algorithms for mining association rules},
 booktitle = {International Conference on Very Large Databases {(VLDB)}},
 series = {VLDB '94},
 year = {1994},
 pages = {487--499}
 }
% 


@TechReport{Goethals03,
author = {Bart Goethals},
title = {Survey on frequent pattern mining},
institution = {Helsinki Institute for Information Technology},
year = {2003}
}

@article{Hipp00,
 author = {Jochen Hipp and Ulrich G\"{u}ntzer and Gholamreza Nakhaeizadeh},
 title = {Algorithms for association rule mining - a general survey and comparison},
 journal = {SIGKDD Explorations},
 volume = {2},
 issue = {1},
 month = {June},
 year = {2000},
 pages = {58--64}
 }


@article{Geng06,
 author = {Liqiang Geng and Howard J. Hamilton},
 title = {Interestingness measures for data mining: a survey},
 journal = {ACM Computing Surveys},
 volume = {38},
 issue = {3},
 articleno = {9},
 month = {September},
 year = {2006}
 }

@article{McGarry05,
 author = {Ken McGarry},
 title = {A survey of interestingness measures for knowledge discovery},
 journal = {The Knowledge Engineering Review},
 volume = {20},
 pages = {39--61},
 year = {2005}
}

@article{Zaki00,
 author = {Mohammed J. Zaki},
 title = {Scalable algorithms for association mining},
 journal = {{IEEE} Transactions on Knowledge and Data Engineering},
 volume = {12},
 number={3},
 pages = {372--390},
 year = {2000}
}

@TechReport{Tan00,
 author = {Pang-Ning Tan and Vipin Kumar},
 title = {Interestingness measures for association patterns: a perspective},
 institution = {Department of Computer Science, University of Minnesota},
 year = {2000}
}

@inproceedings{Bayardo99,
 author = {Roberto J. Bayardo and Rakesh Agrawal},
 title = {Mining the most interesting rules},
 booktitle = {ACM SIGKDD International Conference on Knowledge Discovery and Data Mining {(KDD)}},
 series = {KDD '99},
 pages = {145--154},
 year = {1999}
 }

@inproceedings{Liu98,
__author = {Bing Liu and Wynne Hsu and Yiming Ma},
author = {B. Liu and W. Hsu and Y. Ma},
 title = {Integrating classification and association rule mining},
 booktitle = {ACM SIGKDD International Conference on Knowledge Discovery and Data Mining {(KDD)}},
 __series={KDD '98},
 pages = {80--96},
 year = {1998}
}

@article{Li01,
__author = {Wenmin Li and Jiawei Han and Jian Pei},
author = {W. Li and J. Han and J. Pei},
 title = {{CMAR}: {A}ccurate and efficient classification based on multiple class-association rules},
 journal = {IEEE International Conference on Data Mining {(ICDM)}},
 year = {2001},
 pages = {369--376}
 }

@inproceedings{Yin03,
__author = {Xiaoxin Yin and Jiawei Han},
author = {X. Yin and J. Han},
 title = {{CPAR}: {C}lassification based on predictive association rules},
 booktitle = {SIAM International Conference on Data Mining {(SDM)}},
 __series={ICDM '03},
 year = {2003},
 pages = {331--335}
}

@inproceedings{Ali97,
    author = {Kamal Ali and Stefanos Manganaris and Ramakrishnan Srikant},
    title = {Partial classification using association rules},
    booktitle = {International Conference on Knowledge Discovery and Data Mining {(KDD)}},
    series={KDD '97},
    year = {1997},
    pages = {115--118}
}

@article{Thabtah07,
 author = {Fadi Thabtah},
 title = {A review of associative classification mining},
 journal = {The Knowledge Engineering Review},
 volume = {22},
 issue = {1},
 month = {March},
 year = {2007},
 pages = {37--65}
 }



@article{Han07,
 author = {Jiawei Han and Hong Cheng and Dong Xin and Xifeng Yan},
 title = {Frequent pattern mining: {C}urrent status and future directions},
 journal = {Data Mining and Knowledge Discovery},
 volume = {15},
 issue = {1},
 year = {2007},
 pages = {55--86}
}

@misc{Bache+Lichman:2013 ,
author = "K. Bache and M. Lichman",
year = "2013",
title = "{UCI} Machine Learning Repository",
note={\url{http://archive.ics.uci.edu/ml}},
institution = "University of California, Irvine, School of Information and Computer Sciences" }

@misc{nypd,
title = "Stop, Question and Frisk Data",
note = {\url{http://www1.nyc.gov/site/nypd/stats/reports-analysis/stopfrisk.page}},
author = {{New York Police Department}},
year = 2016
}

@misc{nyclu:2014,
title = "Stop-and-Frisk Data",
note = {\url{http://www.nyclu.org/content/stop-and-frisk-data}},
author = {{New York Civil Liberties Union}},
year = 2014
}

@misc{npr-bail:2017,
title = {Did A Bail Reform Algorithm Contribute To This {S}an {F}rancisco Man's Murder?},
note = {\url{https://www.npr.org/2017/08/18/543976003/did-a-bail-reform-algorithm-contribute-to-this-san-francisco-man-s-murder}},
__author = {Eric Westervelt},
author = {E. Westervelt},
year = 2017
}

@InProceedings{Simon11,
author = {Gy\"{o}rgy J. Simon and Vipin Kumar and Peter W. Li},
title = {A Simple Statistical Model and Association Rule Filtering for Classification},
booktitle = {ACM SIGKDD International Conference on Knowledge Discovery and Data Mining {(KDD)}},
series={KDD '11},
pages = {823--831},
year = {2011}
}

@Book{Hastie01,
author = {Trevor Hastie and Robert Tibshirani and Jerome H. Friedman},
title = {The elements of statistical learning: {D}ata mining, inference, and prediction},
publisher = {Springer, New York },
year = {2001}
}

@Article{Dreiseitl02,
author = {Stephan Dreiseitl and Lucila Ohno-Machado},
title = {Logistic regression and artificial neural network classification models: a methodology review},
journal = {Journal of Biomedical Informatics},
year = {2002},
volume = {35},
pages = {352--359}
}

@Book{Vapnik95,
author = {Vladimir N. Vapnik},
title = {The Nature of Statistical Learning Theory},
publisher = {Springer-Verlag, New York},
year = {1995}
}

@Article{Burges98,
author = {Christopher J.C. Burges},
title = {A Tutorial on Support Vector Machines for Pattern Recognition},
journal = {Data Mining and Knowledge Discovery},
year = {1998},
volume = {2},
pages = {121-167}
}

@Book{Breiman84,
__author = {Leo Breiman and Jerome H. Friedman and Richard A. Olshen and Charles J. Stone},
author = {L. Breiman and J. H. Friedman and R. A. Olshen and C. J. Stone},
title = {Classification and Regression Trees},
publisher = {Wadsworth},
year = {1984}
}

@Article{Freund95,
author = {Yoav Freund and Robert Schapire},
title = {A decision-theoretic generalization of on-line learning and an application to boosting},
journal = {Computational Learning Theory},
year = {1995},
volume = {904},
pages = {23--37}
}

@PhdThesis{Ruckert08,
author = {Ulrich R\"{u}ckert},
title = {A Statistical Approach to Rule Learning},
school = {Technischen Universit\"{a}t M\"{u}nchen},
year = {2008}
}

@Article{Klivans06,
author = {Adam R. Klivans and Rocco A. Servedio},
title = {Toward Attribute Efficient Learning of Decision Lists and Parities},
journal = {Journal of Machine Learning Research},
year = {2006},
volume = {7},
pages = {587--602}
}

@InProceedings{Sokolova03,
__author = {Marina Sokolova and Mario Marchand and Nathalie Japkowicz and John Shawe-Taylor},
author = {M. Sokolova and M. Marchand and N. Japkowicz and J. Shawe-Taylor},
title = {The Decision List Machine},
booktitle = {Advances in Neural Information Processing Systems {(NIPS)}},
__series = {NIPS '03},
pages = {921--928},
year = {2003},
volume = {15}
}

@TechReport{Anthony05,
author = {Martin Anthony},
title = {Decision lists},
institution = {CDAM Research Report LSE-CDAM-2005-23},
year = {2005}
}

@InProceedings{Long07,
author = {Philip M. Long and Rocco A. Servedio},
title = {Attribute-efficient learning of decision lists and linear threshold functions under unconcentrated distributions},
booktitle = {Advances in Neural Information Processing Systems {(NIPS)}},
series={NIPS '07},
pages = {921--928},
year = {2007},
volume = {19}
}

@Article{Marchand05,
__author = {Mario Marchand and Marina Sokolova},
author = {M. Marchand and M. Sokolova},
title = {Learning with decision lists of data-dependent features},
journal = {Journal of Machine Learning Research},
year = {2005},
volume = {6},
pages = {427--451}
}

@Article{Boros00,
  author={Endre Boros and Peter L. Hammer and Toshihide Ibaraki and Alexander Kogan and Eddy Mayoraz and Ilya Muchnik},
  journal={IEEE Transactions on Knowledge and Data Engineering},
  title={An implementation of logical analysis of data},
  year={2000},
  volume={12},
  number={2},
  pages={292--306},
}

@Article{Nilsson94,
  author    = {Nils J. Nilsson},
  title     = {Teleo-Reactive Programs for Agent Control},
  journal   = {Journal of Artificial Intelligence Research},
  volume    = {1},
  year      = {1994},
  pages		= {139--158}
}

@Inproceedings{Vanhoof10,
__author={Koen Vanhoof and Beno\^{i}t Depaire},
author={K. Vanhoof and B. Depaire},
  booktitle={International Conference on Intelligent Systems and Knowledge Engineering {(ISKE)}},
  __series={ISKE~'10},
  title={Structure of association rule classifiers: {A} review},
  year={2010},
  pages={9--12}
}

@InProceedings{Caruana06,
author = {Rich Caruana and Alexandru Niculescu-Mizil},
title = {An empirical comparison of supervised learning algorithms},
booktitle = {International Conference on Machine Learning {(ICML)}},
series={ICML '06},
pages = {161--168},
year = {2006}
}

@InProceedings{Beale70,
    author = {E.M.L. Beale and J.A. Tomlin},
    title = {Special facilities in a general mathematical programming system for nonconvex problems using ordered sets of variable},
    booktitle = {International Conference on Operational Research},
    pages = {447--454},
    year = {1970},
    editor = {J.R. Lawrence},
    publisher = {Tavistock, London \& Wiley, New York}
}

@article{Sonnenburg05,
   author = {S\"{o}ren Sonnenburg and Gunnar R\"{a}tsch and Christin Sch\"{a}fer},
   title = {Learning Interpretable SVMs for Biological Sequence Classification},
   booktitle = {Research in Computational Molecular Biology},
   pages = {389--407},
   volume = {3500},
   number = {995},
   year = {2005}
}

@article{Buchter98,
   author = {Oliver B\"{u}chter and R\"{u}diger Wirth},
   title = {Discovery of association rules over ordinal data: A new and faster algorithm and its application to basket analysis},
   booktitle = {Research and Development in Knowledge Discovery and Data Mining},
   pages = {36--47},
   volume = {1394},
   year = {1998}
}

@Article{Miller56,
author = {George A. Miller},
title = {The magical number seven, plus or minus two: some limits to our capacity for processing information},
journal = {The Psychological Review},
year = {1956},
volume = {63},
number = {2},
pages = {81--97}
}

@InProceedings{Jennings82,
author = {Dennis L. Jennings and Teresa M. Amabile and Lee Ross},
title = {Informal covariation assessments: data-based versus theory-based judgements},
booktitle = {Judgment Under Uncertainty: Heuristics and Biases,},
year = {1982},
pages = {211--230},
editor = {Daniel Kahneman and Paul Slovic and Amos Tversky},
publisher = {Cambridge Press, Cambridge, MA}
}

@inproceedings{RudinEtAlCOLT11, 
  title={Sequential event prediction with association rules},
  author={Cynthia Rudin and Benjamin Letham and Ansaf Salleb-Aouissi and Eugen Kogan and David Madigan},
  year={2011},
  booktitle = {Proceedings of the 24th Annual Conference on Learning Theory},
  series={COLT '11},
  pages={615--634}
}

@Article{Friedman08,
author = {Jerome H. Friedman and Bogdan E. Popescu},
title = {Predictive learning via rule ensembles},
journal = {The Annals of Applied Statistics},
year = {2008},
volume = {2},
number = {3},
pages = {916--954}
}

@Article{Meinshausen10,
author = {Nicolai Meinshausen},
title = {Node harvest},
journal = {The Annals of Applied Statistics},
year = {2010},
volume = {4},
number = {4},
pages = {2049--2072}
}

@Book{Quinlan93,
__author = {J. Ross Quinlan},
author = {J. R. Quinlan},
title = {C4.5: Programs for Machine Learning},
publisher = {Morgan Kaufmann},
year = {1993}
}

@TechReport{Courtney2010,
author = {Mark E. Courtney and Gretchen Ruth Cusick},
title = {Crime During the Transition to Adulthood: How Youth Fare As They Leave Out-of-Home Care in {I}llinois, {I}owa, and {W}isconsin, 2002-2007},
institution = {Ann Arbor, MI: Inter-university Consortium for Political and Social Research [distributor]},
year = {2010},
month = {12}
}



@InCollection{British1990,
author = {{British Board of Trade}},
title = {Report on the Loss of the `{T}itanic' (S.S.)},
booktitle = {British Board of Trade Inquiry Report (reprint)},
publisher = {Gloucester, UK: Allan Sutton Publishing},
year = {1990}
}

@inproceedings{Borgelt05,
 author = {Borgelt, Christian},
 title = {An implementation of the {FP}-growth algorithm},
 booktitle = {Proceedings of the 1st International Workshop on Open Source Data Mining: Frequent Pattern Mining Implementations},
 series = {OSDM '05},
 year = {2005},
 pages = {1--5}
} 

@Article{Brooks03,
author = {S. P. Brooks and P. Giudici and A. Philippe},
title = {Nonparametric Convergence Assessment for {MCMC} Model Selection},
journal = {Journal of Computational and Graphical Statistics},
year = {2003},
volume = {12},
number = {1},
pages = {1--22}
}

@article{Chang01,
 author = {Chang, Chih-Chung and Lin, Chih-Jen},
 title = {{LIBSVM}: a library for support vector machines},
 journal = {ACM Transactions on Intelligent Systems and Technology},
 volume = {2},
 issue = {3},
 year = {2011},
 pages = {27:1--27:27},
 note =	 {Software available at \url{http://www.csie.ntu.edu.tw/~cjlin/libsvm}}
}

@Article{Fan08,
  author = 	 {Rong-En Fan and Kai-Wei Chang and Cho-Jui Hsieh and Xiang-Rui Wang and Chih-Jen Lin},
  title = 	 {{LIBLINEAR}: a library for large linear classification},
  journal = 	 {Journal of Machine Learning Research},
  year = 	 {2008},
  volume =	 {9},
  pages =	 {1871--1874}
}

@Article{Mammogram,
  author = {M. Elter and R. Schulz-Wendtland and T. Wittenberg},
  title = {The prediction of breast cancer biopsy outcomes using two CAD approaches that both emphasize an intelligible decision process},
  journal = {Medical Physics},
  year = {2007},
  volume = {34},
  issue = {11},
  pages = {4164--4172}
}

@article{Wisconsin,
    author = {Mangasarian, O. L. and Wolberg, W. H.},
    booktitle = {SIAM News},
    number = {5},
    pages = {1--18},
    title = {{Cancer diagnosis via linear programming}},
    volume = {23},
    year = {1990}
}

@article{Wilson98,
author = {Wilson, Peter W. F. and D'Agostino, Ralph B. and Levy, Daniel and Belanger, Albert M. and Silbershatz, Halit and Kannel, William B.},
title = {Prediction of Coronary Heart Disease Using Risk Factor Categories},
volume = {97}, 
number = {18}, 
pages = {1837-1847},
year = {1998}, 
journal = {Circulation}
}

@article{Breiman01,
year={2001},
journal={Machine Learning},
volume={45},
issue={1},
title={Random forests},
author={Breiman, Leo},
pages={5-32}
}

@article{Lib10,
year={2010},
journal = {Chest},
volume = {137},
title={Refining clinical risk
stratification for predicting stroke and thromboembolism in atrial
fibrillation using a novel risk factor-based approach: the {Euro} heart
survey on atrial fibrillation},
author={Lip, GY and Nieuwlaat, R and Pisters, R and Lane, DA and Crijns, HJ},
pages={263--272}
}

@article{Patefield81,
year={1981},
journal={Applied Statistics},
volume={30},
title={Algorithm AS159. An efficient method of generating r x c tables with given row and column totals},
author = {Patefield, W. M.},
pages = {91--97}
}

@article{Stang10,
year={2010},
journal={Annals of Internal Medicine},
volume={153},
issue={9},
pages={600--606},
title={Advancing the science for active surveillance: rationale and design for the observational medical outcomes partnership},
author = {Stang, PE and Ryan, PB and Racoosin, JA and Overhage, JM and Hartzema, AG and Reich, C and Welebob, E and Scarnecchia, T and Woodcock, J}
}

@article{Madigan97,
year={1997},
journal={Journal of Computational and Graphical Statistics},
volume={6},
pages={160--181},
title={Explanation in belief networks},
author = {D Madigan and K Mosurski and RG Almond}
}

@article{Madigan94,
year={1994},
journal={Journal of the American Statistical Association},
volume={89},
pages={1535--1546},
title={Model selection and accounting for uncertainty in graphical models using Occam\'s window},
author = {David Madigan and Adrian Raftery}
}

@InProceedings{Dougherty95,
author = {James Dougherty and Ron Kohavi and Mehran Sahami},
title = {Supervised and unsupervised discretization of continuous features},
booktitle = {Proceedings of the 12th International Conference on Machine Learning},
series = {ICML '95},
pages = {194--202},
year = {1995}
}

@InProceedings{Fayyad93,
author = {Usama M. Fayyad and Keki B. Irani},
title = {Multi-interval discretization of continuous-valued attributes for classification learning},
booktitle = {Proceedings of the 1993 International Joint Conference on Artificial Intelligence},
series={IJCAI '93},
volume={2},
pages = {1022--1027},
year = {1993}
}

@InProceedings{Srikant96,
author = {Ramakrishnan Srikant and Rakesh Agrawal},
title = {Mining quantitative association rules in large relational tables},
booktitle = {Proceedings of the 1996 ACM SIGMOD International Conference on Management of Data},
series={SIGMOD '96},
pages = {1--12},
year = {1996}
}

@article{Breiman96,
year={1996},
journal={The Annals of Statistics},
volume={24},
pages={2350--2383},
title={Heuristics of instability and stabilization in model selection},
author = {Leo Breiman}
}

@article{Breiman96_2,
year={1996},
journal={Machine Learning},
volume={24},
pages={123--140},
title={Bagging predictors},
author = {Leo Breiman}
}


@article{Huysmans11,
__Author = {Huysmans, Johan and Dejaeger, Karel and Mues, Christophe and Vanthienen, Jan and Baesens, Bart},
Author = {Huysmans, J. and Dejaeger, K. and Mues, C. and Vanthienen, J. and Baesens, B.},
  Journal = {Decision Support Systems},
  Number = {1},
  Pages = {141--154},
  Title = {An empirical evaluation of the comprehensibility of decision table, tree and rule based predictive models},
  Volume = {51},
  Year = {2011}
}

@article{Freitas14,
__Author = {Freitas, Alex A.},
Author = {Freitas, A. A.},
  Journal = {ACM SIGKDD Explorations Newsletter},
  Number = {1},
  Pages = {1--10},
  Title = {Comprehensible classification models: {A} position paper},
  Volume = {15},
  Year = {2014}
}

@article{Taddy11,
  Author = {Matthew A. Taddy and Robert B. Gramacy and Nicholas G. Polson},
  Journal = {Journal of the American Statistical Association},
  Number = {493},
  Pages = {109--123},
  Title = {Dynamic trees for learning and design},
  Volume = {106},
  Year = {2011}
}

@article{Chipman10,
__Author = {Hugh A. Chipman and Edward I. George and Robert E. McCulloch},
Author = {H. A. Chipman and E. I. George and R. E. McCulloch},
  Journal = {The Annals of Applied Statistics},
  Volume = {4},
  Number = {1},
  Pages = {266--298},
  Title = {{BART}: Bayesian additive regression trees},
  Year = {2010}
}

@InProceedings{Nowozin07,
author = {Sebastian Nowozin and Koji Tsuda and Takeaki Uno and Taku Kudo and Gokhan Bakir},
title = {Weighted substructure mining for image analysis},
booktitle = {Proceedings of the 2007 IEEE Computer Society Conference on Computer Vision and Pattern Recognition},
series={CVPR '07},
year = {2007}
}

@article{Gelman92,
    author = {Andrew Gelman and Donald B. Rubin},
    journal = {Statistical Science},
    month = {November},
    number = {4},
    pages = {457--472},
    title = {Inference from iterative simulation using multiple sequences},
    volume = {7},
    year = {1992}
}

@article{Wu04,
    author = {Xindong Wu and Chengqi Zhang and Shichao Zhang},
    journal = {{ACM} Transactions on Information Systems},
    month = {July},
    number = {3},
    pages = {381--405},
    title = {Efficient mining of both positive and negative association rules},
    volume = {22},
    year = {2004}
}

@article{Madigan11,
    author = {David Madigan and Sushil Mittal and Fred Roberts},
    journal = {Naval Research Logistics},
    pages = {637--654},
    title = {Efficient sequential decision making algorithms for container inspection operations},
    volume = {58},
    year = {2011}
}

@inproceedings{goodman2016eu,
    __author = {Goodman, Bryce and Flaxman, Seth},
    author = {Goodman, B. and Flaxman, S.},
	booktitle = {ICML Workshop on Human Interpretability in Machine Learning (WHI)},
	title = {{European Union} regulations on algorithmic decision-making and a ``right to explanation''},
Year = {2016}}

@inproceedings{ripper,
__author={William W. Cohen},
author={W. W. Cohen},
title={Fast Effective Rule Induction},
booktitle={International Conference on Machine Learning {(ICML)}}, 
pages={115--123}, 
year={1995}
}

@article{Bertsimas16,
  title={Best subset selection via a modern optimization lens},
  __author={Bertsimas, Dimitris and King, Angela and Mazumder, Rahul},
  author={Bertsimas, D. and King, A. and Mazumder, R.},
  journal={The Annals of Statistics},
  volume={44},
  number={2},
  pages={813--852},
  year={2016},
  publisher={Institute of Mathematical Statistics}
}

@article{Rijnbeek10,
 __author = {Rijnbeek, Peter R. and Kors, Jan A.},
 author = {P. R. Rijnbeek and J. A. Kors},
 title = {Finding a Short and Accurate Decision Rule in Disjunctive Normal Form by Exhaustive Search},
 journal = {Machine Learning},
 issue_date = {July 2010},
 volume = {80},
 number = {1},
 month = jul,
 year = {2010},
 pages = {33--62},
 numpages = {30},
 publisher = {Kluwer Academic Publishers},
 address = {Hingham, MA, USA}
}

%http://www1.icsi.berkeley.edu/~rueckert/papers/rueckert08experimental.pdf
@article{Ruckert2008,
author={U. R\"uckert and L. De Raedt},
year = {2008},
title={An experimental evaluation of simplicity in rule learning},
journal={Artificial Intelligence}, 
volume={172},
pages={19--28}
}

@inproceedings{Frank1998,
 __author = {Frank, Eibe and Witten, Ian H.},
 author = {Frank, E. and Witten, I. H.},
 title = {Generating Accurate Rule Sets Without Global Optimization},
 booktitle = {International Conference on Machine Learning {(ICML)}},
 __series = {ICML '98},
 year = {1998},
  pages = {144--151}
 } 

@article{ClarkNiblett1989,
author={P. Clark and T. Niblett},
year={1989},
title={The {CN2} induction algorithm},
journal={Machine Learning},
volume={3},
issue={4},
pages={261--283}
}

@inproceedings{Michalski1969,
author={R. S. Michalski},
year={1969},
title={On the quasi-minimal solution of the general covering problem},
booktitle={International Symposium on Information Processing},
pages={125--128}
}

@article {Dressel2018,
	__author = {Dressel, Julia and Farid, Hany},
	author = {Dressel, J. and Farid, H.},
	title = {The accuracy, fairness, and limits of predicting recidivism},
	volume = {4},
	number = {1},
	year = {2018},
	publisher = {American Association for the Advancement of Science},
	journal = {Science Advances}
}

@article{Linderoth1999,
  __author    = {Jeff T. Linderoth and Martin W. P. Savelsbergh},
  author    = {J. T. Linderoth and M. W. P. Savelsbergh},
  title     = {A Computational Study of Search Strategies for Mixed Integer Programming},
  journal   = {{INFORMS} Journal on Computing},
  volume    = {11},
  number    = {2},
  pages     = {173--187},
  year      = {1999}
}
