
@article{BreimanFrOlSt84,
title={Classification and Regression Trees},
__author="Leo Breiman and Jerome Friedman and Richard Olshen and Charles Stone",
author="L. Breiman and J. Friedman and R. Olshen and C. Stone",
journal={},
year={1984}
}

@article{Rivest87,
 __author = {Rivest, Ronald L.},
 author = {Rivest, R. L.},
 title = {Learning Decision Lists},
 journal = {Machine Learning},
 issue_date = {November 1987},
 volume = {2},
 number = {3},
 month = nov,
 year = {1987},
 pages = {229--246},
 publisher = {Kluwer Academic Publishers},
 address = {Hingham, MA, USA}
}

@Book{Quinlan93,
__author = {J. Ross Quinlan},
author = {J. R. Quinlan},
title = {C4.5: Programs for Machine Learning},
publisher = {Morgan Kaufmann},
year = {1993}
}

@article{Clausen99,
title={Branch and Bound Algorithms - Principles and Examples},
author="Jens Clausen",
journal={},
year={1999}
}

@misc{nyclu:2014,
title = "Stop-and-Frisk Data",
note = {\url{http://www.nyclu.org/content/stop-and-frisk-data}},
author = {{New York Civil Liberties Union}},
year = 2014
}

@inproceedings{YangRuSe16,
    title={Scalable {B}ayesian Rule Lists},
__author={Hongyu Yang and Cynthia Rudin and Margo Seltzer},
    author={H. Yang and C. Rudin and M. Seltzer},
    __journal={Preprint at arXiv:1602.08610},
    booktitle = {Proceedings of the 34th International Conference on Machine Learning},
    series={ICML '17},
    year={2017}
}

@article{LarsonMaKiAn16,
title={How We Analyzed the {COMPAS} Recidivism Algorithm},
__author={Jeff Larson and Surya Mattu and Lauren Kirchner and Julia Angwin},
author={J. Larson and S. Mattu and L. Kirchner and J. Angwin},
journal={ProPublica},
year={2016}
}

@article{AngelinoLaAlSeRu17,
author = {E. Angelino and N. Larus-Stone and D. Alabi and M. Seltzer and C. Rudin},
title = "Learning certifiably optimal rule lists for categorical data",
journal = {Preprint at arXiv:1704.01701},
year = {2017},
month = nov
}

@article{Larus-Stone17,
    title={\textit{Learning Certifiably Optimal Rule Lists: {A} Case For Discrete Optimization in the 21st Century}},
    author={N. L. Larus-Stone},
    note={Undergraduate thesis, Harvard College},
    year={2017}
}